<record><leader>00000cas a2200000 a 4500</leader><controlfield tag="001">4073327</controlfield><controlfield tag="008">780721c19389999txuwr ne      0   a0eng d</controlfield><datafield ind1=" " ind2=" " tag="010"><subfield code="a">sn 78004062 </subfield></datafield><datafield ind1=" " ind2=" " tag="040"><subfield code="a">HUL</subfield><subfield code="b">eng</subfield><subfield code="c">HUL</subfield><subfield code="d">NSD</subfield><subfield code="d">IXA</subfield><subfield code="d">YOX</subfield><subfield code="d">PPM</subfield><subfield code="d">MGN</subfield><subfield code="d">OCL</subfield><subfield code="d">OCLCQ</subfield><subfield code="d">J9U</subfield><subfield code="d">OCLCQ</subfield><subfield code="d">CLU</subfield><subfield code="d">OCLCF</subfield><subfield code="d">OCLCQ</subfield><subfield code="d">OCLCA</subfield></datafield><datafield ind1=" " ind2=" " tag="012"><subfield code="k">1</subfield><subfield code="m">1</subfield></datafield><datafield ind1="7" ind2=" " tag="016"><subfield code="a">002061804</subfield><subfield code="2">IsJJNL</subfield></datafield><datafield ind1=" " ind2=" " tag="019"><subfield code="a">234081112</subfield></datafield><datafield ind1="0" ind2=" " tag="022"><subfield code="a">0021-6488</subfield><subfield code="l">0021-6488</subfield><subfield code="2">1</subfield></datafield><datafield ind1=" " ind2=" " tag="032"><subfield code="a">275360</subfield><subfield code="b">USPS</subfield></datafield><datafield ind1=" " ind2=" " tag="042"><subfield code="a">nsdp</subfield><subfield code="a">msc</subfield></datafield><datafield ind1=" " ind2=" " tag="043"><subfield code="a">n-us-tx</subfield><subfield code="a">n-ust--</subfield><subfield code="a">n-usu--</subfield></datafield><datafield ind1=" " ind2="4" tag="050"><subfield code="a">F395.J5</subfield><subfield code="b">J494</subfield></datafield><datafield ind1=" " ind2="4" tag="060"><subfield code="a">015008481</subfield></datafield><datafield ind1="0" ind2=" " tag="210"><subfield code="a">Jew. her.-voice</subfield></datafield><datafield ind1=" " ind2="0" tag="222"><subfield code="a">Jewish herald-voice</subfield></datafield><datafield ind1="0" ind2="4" tag="245"><subfield code="a">The Jewish herald-voice.</subfield></datafield><datafield ind1="1" ind2=" " tag="246"><subfield code="a">JH-V</subfield></datafield><datafield ind1=" " ind2=" " tag="260"><subfield code="a">Houston, Tex. :</subfield><subfield code="b">Jewish Voice</subfield></datafield><datafield ind1=" " ind2=" " tag="300"><subfield code="a">volumes :</subfield><subfield code="b">illustrations ;</subfield><subfield code="c">41 cm</subfield></datafield><datafield ind1=" " ind2=" " tag="310"><subfield code="a">Weekly</subfield></datafield><datafield ind1=" " ind2=" " tag="336"><subfield code="a">text</subfield><subfield code="b">txt</subfield><subfield code="2">rdacontent</subfield></datafield><datafield ind1=" " ind2=" " tag="337"><subfield code="a">unmediated</subfield><subfield code="b">n</subfield><subfield code="2">rdamedia</subfield></datafield><datafield ind1=" " ind2=" " tag="338"><subfield code="a">volume</subfield><subfield code="b">nc</subfield><subfield code="2">rdacarrier</subfield></datafield><datafield ind1="0" ind2=" " tag="362"><subfield code="a">31st year, no. 42 (Jan. 20, 1938)-</subfield></datafield><datafield ind1=" " ind2=" " tag="515"><subfield code="a">Numbering irregular.</subfield></datafield><datafield ind1=" " ind2=" " tag="515"><subfield code="a">Issue for 20 April 2008 called: 100th anniversary Passover edition; and also: Special centennial edition.</subfield></datafield><datafield ind1=" " ind2=" " tag="530"><subfield code="a">Available on microfilm from the Center for American History, University of Texas at Austin.</subfield></datafield><datafield ind1=" " ind2=" " tag="588"><subfield code="a">Latest issue consulted: Volume C, number 1 (20 April 2008).</subfield></datafield><datafield ind1=" " ind2="0" tag="650"><subfield code="a">Jewish newspapers</subfield><subfield code="z">Texas.</subfield></datafield><datafield ind1=" " ind2="0" tag="650"><subfield code="a">Jewish newspapers</subfield><subfield code="z">Southwestern States.</subfield></datafield><datafield ind1=" " ind2="7" tag="650"><subfield code="a">Jewish newspapers.</subfield><subfield code="2">fast</subfield><subfield code="0">(OCoLC)fst00982872</subfield></datafield><datafield ind1=" " ind2="7" tag="651"><subfield code="a">Texas.</subfield><subfield code="2">fast</subfield><subfield code="0">(OCoLC)fst01210336</subfield></datafield><datafield ind1=" " ind2="7" tag="651"><subfield code="a">United States</subfield><subfield code="z">Southwestern States.</subfield><subfield code="2">fast</subfield><subfield code="0">(OCoLC)fst01244559</subfield></datafield><datafield ind1=" " ind2=" " tag="752"><subfield code="a">United States</subfield><subfield code="b">Texas</subfield><subfield code="c">Harris</subfield><subfield code="d">Houston.</subfield></datafield><datafield ind1="0" ind2="4" tag="780"><subfield code="t">Texas Jewish herald</subfield><subfield code="w">(DLC)sn 86090179</subfield></datafield><datafield ind1="0" ind2="4" tag="780"><subfield code="t">Jewish voice (Houston, Tex.)</subfield></datafield><datafield ind1=" " ind2=" " tag="850"><subfield code="a">TxU</subfield></datafield><datafield ind1="4" ind2="2" tag="856"><subfield code="u">http://bibpurl.oclc.org/web/49952</subfield><subfield code="u">http://jhvonline.com/</subfield></datafield><datafield ind1=" " ind2=" " tag="936"><subfield code="a">AACR2=IXA</subfield></datafield><datafield ind1="1" ind2=" " tag="029"><subfield code="a">AU@</subfield><subfield code="b">000025825455</subfield></datafield></record>